[{"timestamp":1532502512,"tid":272561338,"price":"8350.0","amount":"0.0109642","exchange":"bitfinex","type":"buy"},{"timestamp":1532502511,"tid":272561332,"price":"8350.0","amount":"0.112","exchange":"bitfinex","type":"buy"},{"timestamp":1532502507,"tid":272561321,"price":"8349.9","amount":"0.1","exchange":"bitfinex","type":"sell"},{"timestamp":1532502494,"tid":272561272,"price":"8349.9","amount":"0.01477775","exchange":"bitfinex","type":"sell"},{"timestamp":1532502493,"tid":272561268,"price":"8349.9","amount":"0.01481032","exchange":"bitfinex","type":"sell"},{"timestamp":1532502483,"tid":272561233,"price":"8350.0","amount":"0.34","exchange":"bitfinex","type":"buy"},{"timestamp":1532502473,"tid":272561220,"price":"8349.9","amount":"0.01","exchange":"bitfinex","type":"sell"},{"timestamp":1532502468,"tid":272561217,"price":"8350.0","amount":"0.005","exchange":"bitfinex","type":"buy"},{"timestamp":1532502467,"tid":272561215,"price":"8350.0","amount":"0.05","exchange":"bitfinex","type":"buy"},{"timestamp":1532502464,"tid":272561208,"price":"8350.0","amount":"0.38901852","exchange":"bitfinex","type":"buy"},{"timestamp":1532502459,"tid":272561192,"price":"8350.0","amount":"1.70445775","exchange":"bitfinex","type":"buy"},{"timestamp":1532502459,"tid":272561191,"price":"8350.0","amount":"0.29","exchange":"bitfinex","type":"buy"},{"timestamp":1532502458,"tid":272561189,"price":"8350.0","amount":"0.2","exchange":"bitfinex","type":"buy"},{"timestamp":1532502458,"tid":272561188,"price":"8350.0","amount":"0.01","exchange":"bitfinex","type":"buy"},{"timestamp":1532502457,"tid":272561181,"price":"8349.4","amount":"0.03","exchange":"bitfinex","type":"buy"},{"timestamp":1532502457,"tid":272561180,"price":"8349.0","amount":"0.0361971","exchange":"bitfinex","type":"buy"},{"timestamp":1532502455,"tid":272561179,"price":"8349.0","amount":"0.002","exchange":"bitfinex","type":"buy"},{"timestamp":1532502455,"tid":272561178,"price":"8349.0","amount":"0.003","exchange":"bitfinex","type":"buy"},{"timestamp":1532502452,"tid":272561176,"price":"8348.3","amount":"0.048507","exchange":"bitfinex","type":"sell"},{"timestamp":1532502452,"tid":272561175,"price":"8348.0","amount":"0.02","exchange":"bitfinex","type":"buy"},{"timestamp":1532502452,"tid":272561174,"price":"8346.6","amount":"0.002","exchange":"bitfinex","type":"buy"},{"timestamp":1532502449,"tid":272561156,"price":"8345.8","amount":"0.1","exchange":"bitfinex","type":"buy"},{"timestamp":1532502448,"tid":272561152,"price":"8345.7","amount":"0.005","exchange":"bitfinex","type":"sell"},{"timestamp":1532502444,"tid":272561124,"price":"8342.0","amount":"0.01","exchange":"bitfinex","type":"buy"},{"timestamp":1532502440,"tid":272561085,"price":"8342.0","amount":"0.01","exchange":"bitfinex","type":"buy"},{"timestamp":1532502440,"tid":272561081,"price":"8340.9","amount":"0.0125","exchange":"bitfinex","type":"buy"},{"timestamp":1532502440,"tid":272561076,"price":"8340.9","amount":"0.0075","exchange":"bitfinex","type":"buy"},{"timestamp":1532502439,"tid":272561073,"price":"8341.7","amount":"1.09553627","exchange":"bitfinex","type":"buy"},{"timestamp":1532502439,"tid":272561072,"price":"8341.6","amount":"0.002","exchange":"bitfinex","type":"buy"},{"timestamp":1532502439,"tid":272561071,"price":"8340.5","amount":"0.03","exchange":"bitfinex","type":"buy"},{"timestamp":1532502439,"tid":272561070,"price":"8340.0","amount":"0.004","exchange":"bitfinex","type":"buy"},{"timestamp":1532502439,"tid":272561069,"price":"8340.0","amount":"0.99240828","exchange":"bitfinex","type":"buy"},{"timestamp":1532502439,"tid":272561067,"price":"8340.0","amount":"0.3739378","exchange":"bitfinex","type":"buy"},{"timestamp":1532502436,"tid":272561059,"price":"8339.9860008","amount":"0.03","exchange":"bitfinex","type":"sell"},{"timestamp":1532502433,"tid":272561048,"price":"8339.97462207","amount":"0.5","exchange":"bitfinex","type":"sell"},{"timestamp":1532502432,"tid":272561044,"price":"8340.0","amount":"0.26","exchange":"bitfinex","type":"buy"},{"timestamp":1532502431,"tid":272561041,"price":"8340.0","amount":"0.002","exchange":"bitfinex","type":"buy"},{"timestamp":1532502430,"tid":272561039,"price":"8340.0","amount":"1.43711194","exchange":"bitfinex","type":"buy"},{"timestamp":1532502427,"tid":272561037,"price":"8340.0","amount":"0.01001401","exchange":"bitfinex","type":"buy"},{"timestamp":1532502426,"tid":272561018,"price":"8340.0","amount":"1.0824678","exchange":"bitfinex","type":"buy"},{"timestamp":1532502424,"tid":272561016,"price":"8340.0","amount":"2.0","exchange":"bitfinex","type":"buy"},{"timestamp":1532502423,"tid":272561011,"price":"8340.0","amount":"0.6","exchange":"bitfinex","type":"buy"},{"timestamp":1532502416,"tid":272561000,"price":"8340.0","amount":"0.005","exchange":"bitfinex","type":"buy"},{"timestamp":1532502415,"tid":272560999,"price":"8339.9","amount":"0.00820281","exchange":"bitfinex","type":"sell"},{"timestamp":1532502414,"tid":272560993,"price":"8340.0","amount":"2.17403017","exchange":"bitfinex","type":"buy"},{"timestamp":1532502412,"tid":272560985,"price":"8340.0","amount":"0.005","exchange":"bitfinex","type":"buy"},{"timestamp":1532502410,"tid":272560979,"price":"8340.0","amount":"0.04803","exchange":"bitfinex","type":"buy"},{"timestamp":1532502409,"tid":272560973,"price":"8340.0","amount":"0.01","exchange":"bitfinex","type":"buy"},{"timestamp":1532502406,"tid":272560967,"price":"8338.5","amount":"0.76656906","exchange":"bitfinex","type":"buy"},{"timestamp":1532502406,"tid":272560966,"price":"8337.7","amount":"0.0662","exchange":"bitfinex","type":"buy"},{"timestamp":1532502403,"tid":272560946,"price":"8333.7","amount":"0.03","exchange":"bitfinex","type":"buy"},{"timestamp":1532502403,"tid":272560945,"price":"8332.7","amount":"0.02724291","exchange":"bitfinex","type":"buy"},{"timestamp":1532502402,"tid":272560943,"price":"8332.7","amount":"0.00821028","exchange":"bitfinex","type":"buy"},{"timestamp":1532502401,"tid":272560939,"price":"8332.2","amount":"0.05792894","exchange":"bitfinex","type":"buy"},{"timestamp":1532502401,"tid":272560938,"price":"8331.5","amount":"0.01547913","exchange":"bitfinex","type":"buy"},{"timestamp":1532502398,"tid":272560930,"price":"8331.5","amount":"0.01636198","exchange":"bitfinex","type":"buy"},{"timestamp":1532502398,"tid":272560929,"price":"8331.5","amount":"0.01634786","exchange":"bitfinex","type":"buy"},{"timestamp":1532502398,"tid":272560928,"price":"8331.5","amount":"0.00818178","exchange":"bitfinex","type":"buy"},{"timestamp":1532502396,"tid":272560924,"price":"8330.5","amount":"0.31538407","exchange":"bitfinex","type":"buy"},{"timestamp":1532502396,"tid":272560923,"price":"8330.0","amount":"0.11461593","exchange":"bitfinex","type":"buy"},{"timestamp":1532502394,"tid":272560915,"price":"8330.0","amount":"0.00818055","exchange":"bitfinex","type":"buy"},{"timestamp":1532502390,"tid":272560906,"price":"8330.0","amount":"0.11985652","exchange":"bitfinex","type":"buy"},{"timestamp":1532502389,"tid":272560875,"price":"8330.0","amount":"1.5","exchange":"bitfinex","type":"buy"},{"timestamp":1532502389,"tid":272560871,"price":"8330.0","amount":"1.66080748","exchange":"bitfinex","type":"buy"},{"timestamp":1532502386,"tid":272560864,"price":"8330.0","amount":"0.05","exchange":"bitfinex","type":"buy"},{"timestamp":1532502385,"tid":272560862,"price":"8330.0","amount":"0.045556","exchange":"bitfinex","type":"buy"},{"timestamp":1532502385,"tid":272560859,"price":"8330.0","amount":"0.2","exchange":"bitfinex","type":"buy"},{"timestamp":1532502380,"tid":272560848,"price":"8330.0","amount":"0.873","exchange":"bitfinex","type":"buy"},{"timestamp":1532502376,"tid":272560843,"price":"8330.0","amount":"0.76","exchange":"bitfinex","type":"buy"},{"timestamp":1532502366,"tid":272560798,"price":"8330.0","amount":"1.07880213","exchange":"bitfinex","type":"buy"},{"timestamp":1532502364,"tid":272560797,"price":"8329.6","amount":"1.09948918","exchange":"bitfinex","type":"sell"},{"timestamp":1532502364,"tid":272560796,"price":"8329.6","amount":"0.09","exchange":"bitfinex","type":"sell"},{"timestamp":1532502364,"tid":272560795,"price":"8329.6","amount":"0.1","exchange":"bitfinex","type":"sell"},{"timestamp":1532502364,"tid":272560794,"price":"8329.6","amount":"0.3","exchange":"bitfinex","type":"sell"},{"timestamp":1532502364,"tid":272560793,"price":"8329.6","amount":"0.01","exchange":"bitfinex","type":"sell"},{"timestamp":1532502364,"tid":272560792,"price":"8329.6","amount":"0.29272759","exchange":"bitfinex","type":"sell"},{"timestamp":1532502364,"tid":272560791,"price":"8329.6","amount":"0.4049987","exchange":"bitfinex","type":"sell"},{"timestamp":1532502364,"tid":272560790,"price":"8329.6","amount":"0.18771752","exchange":"bitfinex","type":"sell"},{"timestamp":1532502364,"tid":272560789,"price":"8329.6","amount":"0.41506701","exchange":"bitfinex","type":"sell"},{"timestamp":1532502364,"tid":272560788,"price":"8329.6","amount":"1.0","exchange":"bitfinex","type":"sell"},{"timestamp":1532502352,"tid":272560754,"price":"8327.3938128","amount":"0.02478646","exchange":"bitfinex","type":"sell"},{"timestamp":1532502352,"tid":272560752,"price":"8327.4","amount":"0.55","exchange":"bitfinex","type":"buy"},{"timestamp":1532502349,"tid":272560748,"price":"8327.3","amount":"0.00825868","exchange":"bitfinex","type":"sell"},{"timestamp":1532502346,"tid":272560734,"price":"8327.0","amount":"0.10748161","exchange":"bitfinex","type":"buy"},{"timestamp":1532502342,"tid":272560731,"price":"8327.0","amount":"2.01","exchange":"bitfinex","type":"buy"},{"timestamp":1532502340,"tid":272560730,"price":"8326.9","amount":"0.02","exchange":"bitfinex","type":"sell"},{"timestamp":1532502340,"tid":272560728,"price":"8326.9","amount":"0.025989","exchange":"bitfinex","type":"sell"},{"timestamp":1532502340,"tid":272560727,"price":"8326.9","amount":"0.074011","exchange":"bitfinex","type":"sell"},{"timestamp":1532502339,"tid":272560725,"price":"8326.9","amount":"0.02475349","exchange":"bitfinex","type":"sell"},{"timestamp":1532502331,"tid":272560709,"price":"8327.0","amount":"0.72159386","exchange":"bitfinex","type":"buy"},{"timestamp":1532502331,"tid":272560708,"price":"8327.0","amount":"1.28840614","exchange":"bitfinex","type":"buy"},{"timestamp":1532502326,"tid":272560705,"price":"8326.9","amount":"0.005","exchange":"bitfinex","type":"sell"},{"timestamp":1532502322,"tid":272560701,"price":"8327.0","amount":"0.01159386","exchange":"bitfinex","type":"buy"},{"timestamp":1532502321,"tid":272560699,"price":"8326.9","amount":"0.049896","exchange":"bitfinex","type":"sell"},{"timestamp":1532502319,"tid":272560696,"price":"8326.9","amount":"0.005","exchange":"bitfinex","type":"sell"},{"timestamp":1532502316,"tid":272560693,"price":"8326.9","amount":"0.005","exchange":"bitfinex","type":"sell"},{"timestamp":1532502310,"tid":272560687,"price":"8326.9","amount":"0.873","exchange":"bitfinex","type":"sell"},{"timestamp":1532502310,"tid":272560684,"price":"8327.0","amount":"1.3063136","exchange":"bitfinex","type":"buy"},{"timestamp":1532502310,"tid":272560682,"price":"8327.0","amount":"0.002847","exchange":"bitfinex","type":"buy"},{"timestamp":1532502310,"tid":272560680,"price":"8327.0","amount":"0.6908394","exchange":"bitfinex","type":"buy"}]