[{"timestamp":1532502482,"tid":272561230,"price":"8.7751","amount":"3.0","exchange":"bitfinex","type":"sell"},{"timestamp":1532502478,"tid":272561224,"price":"8.7785","amount":"60.0","exchange":"bitfinex","type":"buy"},{"timestamp":1532502471,"tid":272561219,"price":"8.7742","amount":"25.11927673","exchange":"bitfinex","type":"sell"},{"timestamp":1532502451,"tid":272561173,"price":"8.7801","amount":"18.8160044","exchange":"bitfinex","type":"buy"},{"timestamp":1532502451,"tid":272561172,"price":"8.7801","amount":"80.0","exchange":"bitfinex","type":"buy"},{"timestamp":1532502451,"tid":272561171,"price":"8.7801","amount":"13.0","exchange":"bitfinex","type":"buy"},{"timestamp":1532502451,"tid":272561170,"price":"8.776","amount":"38.5086562","exchange":"bitfinex","type":"buy"},{"timestamp":1532502451,"tid":272561169,"price":"8.776","amount":"63.09666439","exchange":"bitfinex","type":"buy"},{"timestamp":1532502451,"tid":272561168,"price":"8.776","amount":"218.84059941","exchange":"bitfinex","type":"buy"},{"timestamp":1532502451,"tid":272561167,"price":"8.775","amount":"5.81999999","exchange":"bitfinex","type":"buy"},{"timestamp":1532502451,"tid":272561165,"price":"8.7774","amount":"281.95146439","exchange":"bitfinex","type":"buy"},{"timestamp":1532502451,"tid":272561164,"price":"8.7764","amount":"36.09219587","exchange":"bitfinex","type":"buy"},{"timestamp":1532502451,"tid":272561163,"price":"8.7752","amount":"27.77803461","exchange":"bitfinex","type":"buy"},{"timestamp":1532502451,"tid":272561162,"price":"8.7751","amount":"81.1452","exchange":"bitfinex","type":"buy"},{"timestamp":1532502451,"tid":272561161,"price":"8.775","amount":"5.81999999","exchange":"bitfinex","type":"buy"},{"timestamp":1532502451,"tid":272561160,"price":"8.7741","amount":"60.92","exchange":"bitfinex","type":"sell"},{"timestamp":1532502450,"tid":272561158,"price":"8.7741","amount":"147.431","exchange":"bitfinex","type":"sell"},{"timestamp":1532502450,"tid":272561157,"price":"8.7748","amount":"10.0","exchange":"bitfinex","type":"sell"},{"timestamp":1532502447,"tid":272561150,"price":"8.78","amount":"130.0","exchange":"bitfinex","type":"buy"},{"timestamp":1532502447,"tid":272561149,"price":"8.779","amount":"500.0","exchange":"bitfinex","type":"buy"},{"timestamp":1532502447,"tid":272561146,"price":"8.7746","amount":"164.08526807","exchange":"bitfinex","type":"sell"},{"timestamp":1532502447,"tid":272561145,"price":"8.7746","amount":"104.98022015","exchange":"bitfinex","type":"sell"},{"timestamp":1532502447,"tid":272561144,"price":"8.777","amount":"50.0","exchange":"bitfinex","type":"sell"},{"timestamp":1532502447,"tid":272561143,"price":"8.777","amount":"50.0","exchange":"bitfinex","type":"sell"},{"timestamp":1532502447,"tid":272561142,"price":"8.7745","amount":"653.39","exchange":"bitfinex","type":"sell"},{"timestamp":1532502447,"tid":272561141,"price":"8.7761","amount":"30.0","exchange":"bitfinex","type":"sell"},{"timestamp":1532502446,"tid":272561140,"price":"8.7745","amount":"444.78276786","exchange":"bitfinex","type":"sell"},{"timestamp":1532502446,"tid":272561139,"price":"8.7747","amount":"155.21723214","exchange":"bitfinex","type":"sell"},{"timestamp":1532502446,"tid":272561135,"price":"8.7811","amount":"67.0","exchange":"bitfinex","type":"sell"},{"timestamp":1532502446,"tid":272561134,"price":"8.7747","amount":"19.78276786","exchange":"bitfinex","type":"sell"},{"timestamp":1532502446,"tid":272561133,"price":"8.7759","amount":"426.0","exchange":"bitfinex","type":"sell"},{"timestamp":1532502446,"tid":272561132,"price":"8.776","amount":"50.0","exchange":"bitfinex","type":"sell"},{"timestamp":1532502446,"tid":272561131,"price":"8.776","amount":"50.0","exchange":"bitfinex","type":"sell"},{"timestamp":1532502446,"tid":272561130,"price":"8.7791","amount":"76.62236336","exchange":"bitfinex","type":"sell"},{"timestamp":1532502446,"tid":272561129,"price":"8.7867","amount":"10.0","exchange":"bitfinex","type":"sell"},{"timestamp":1532502436,"tid":272561065,"price":"8.788","amount":"1.0","exchange":"bitfinex","type":"buy"},{"timestamp":1532502431,"tid":272561042,"price":"8.7879","amount":"37.64121404","exchange":"bitfinex","type":"sell"},{"timestamp":1532502430,"tid":272561040,"price":"8.7879","amount":"5.290316","exchange":"bitfinex","type":"sell"},{"timestamp":1532502424,"tid":272561015,"price":"8.78","amount":"1016.49758272","exchange":"bitfinex","type":"buy"},{"timestamp":1532502423,"tid":272561010,"price":"8.78","amount":"49.0","exchange":"bitfinex","type":"buy"},{"timestamp":1532502422,"tid":272561008,"price":"8.78","amount":"400.0","exchange":"bitfinex","type":"buy"},{"timestamp":1532502421,"tid":272561006,"price":"8.78","amount":"225.97593356","exchange":"bitfinex","type":"buy"},{"timestamp":1532502420,"tid":272561005,"price":"8.78","amount":"225.97593356","exchange":"bitfinex","type":"buy"},{"timestamp":1532502417,"tid":272561003,"price":"8.78","amount":"308.16021778","exchange":"bitfinex","type":"buy"},{"timestamp":1532502416,"tid":272561002,"price":"8.78","amount":"254.15881521","exchange":"bitfinex","type":"buy"},{"timestamp":1532502416,"tid":272561001,"price":"8.78","amount":"903.90373425","exchange":"bitfinex","type":"buy"},{"timestamp":1532502415,"tid":272560996,"price":"8.78","amount":"126.06533288","exchange":"bitfinex","type":"buy"},{"timestamp":1532502415,"tid":272560995,"price":"8.7795","amount":"100.0","exchange":"bitfinex","type":"buy"},{"timestamp":1532502413,"tid":272560986,"price":"8.7794","amount":"3.68118","exchange":"bitfinex","type":"sell"},{"timestamp":1532502410,"tid":272560977,"price":"8.7794","amount":"39.9","exchange":"bitfinex","type":"sell"},{"timestamp":1532502410,"tid":272560976,"price":"8.7794","amount":"10.0","exchange":"bitfinex","type":"sell"},{"timestamp":1532502399,"tid":272560933,"price":"8.7791","amount":"11.24269364","exchange":"bitfinex","type":"sell"},{"timestamp":1532502383,"tid":272560854,"price":"8.7799","amount":"18.85689999","exchange":"bitfinex","type":"buy"},{"timestamp":1532502370,"tid":272560840,"price":"8.7674","amount":"5.39685174","exchange":"bitfinex","type":"sell"},{"timestamp":1532502370,"tid":272560839,"price":"8.7678","amount":"35.62369107","exchange":"bitfinex","type":"sell"},{"timestamp":1532502370,"tid":272560838,"price":"8.7685","amount":"131.66565084","exchange":"bitfinex","type":"sell"},{"timestamp":1532502370,"tid":272560837,"price":"8.769","amount":"26.33480369","exchange":"bitfinex","type":"sell"},{"timestamp":1532502370,"tid":272560836,"price":"8.7694","amount":"40.0","exchange":"bitfinex","type":"sell"},{"timestamp":1532502370,"tid":272560835,"price":"8.7694","amount":"450.0","exchange":"bitfinex","type":"sell"},{"timestamp":1532502370,"tid":272560834,"price":"8.7695","amount":"30.0","exchange":"bitfinex","type":"sell"},{"timestamp":1532502370,"tid":272560833,"price":"8.77","amount":"50.0","exchange":"bitfinex","type":"sell"},{"timestamp":1532502370,"tid":272560832,"price":"8.77","amount":"50.0","exchange":"bitfinex","type":"sell"},{"timestamp":1532502370,"tid":272560831,"price":"8.7702","amount":"28.61307788","exchange":"bitfinex","type":"sell"},{"timestamp":1532502370,"tid":272560830,"price":"8.771","amount":"50.0","exchange":"bitfinex","type":"sell"},{"timestamp":1532502370,"tid":272560829,"price":"8.771","amount":"50.0","exchange":"bitfinex","type":"sell"},{"timestamp":1532502370,"tid":272560828,"price":"8.771","amount":"50.0","exchange":"bitfinex","type":"sell"},{"timestamp":1532502370,"tid":272560827,"price":"8.771","amount":"50.0","exchange":"bitfinex","type":"sell"},{"timestamp":1532502370,"tid":272560826,"price":"8.7711","amount":"290.000373","exchange":"bitfinex","type":"sell"},{"timestamp":1532502370,"tid":272560825,"price":"8.7713","amount":"33.75339557","exchange":"bitfinex","type":"sell"},{"timestamp":1532502370,"tid":272560824,"price":"8.772","amount":"50.0","exchange":"bitfinex","type":"sell"},{"timestamp":1532502370,"tid":272560823,"price":"8.772","amount":"50.0","exchange":"bitfinex","type":"sell"},{"timestamp":1532502370,"tid":272560822,"price":"8.7731","amount":"37.952","exchange":"bitfinex","type":"sell"},{"timestamp":1532502370,"tid":272560821,"price":"8.7732","amount":"46.19055814","exchange":"bitfinex","type":"sell"},{"timestamp":1532502370,"tid":272560820,"price":"8.7738","amount":"94.29369235","exchange":"bitfinex","type":"sell"},{"timestamp":1532502370,"tid":272560819,"price":"8.7745","amount":"36.81835572","exchange":"bitfinex","type":"sell"},{"timestamp":1532502370,"tid":272560818,"price":"8.776","amount":"201.47045","exchange":"bitfinex","type":"sell"},{"timestamp":1532502370,"tid":272560817,"price":"8.7765","amount":"465.3107","exchange":"bitfinex","type":"sell"},{"timestamp":1532502370,"tid":272560816,"price":"8.7791","amount":"10.0","exchange":"bitfinex","type":"sell"},{"timestamp":1532502370,"tid":272560815,"price":"8.7791","amount":"100.0","exchange":"bitfinex","type":"sell"},{"timestamp":1532502370,"tid":272560814,"price":"8.7792","amount":"218.7714","exchange":"bitfinex","type":"sell"},{"timestamp":1532502370,"tid":272560813,"price":"8.7799","amount":"40.0","exchange":"bitfinex","type":"sell"},{"timestamp":1532502370,"tid":272560812,"price":"8.7799","amount":"377.805","exchange":"bitfinex","type":"sell"},{"timestamp":1532502370,"tid":272560811,"price":"8.7799","amount":"300.0","exchange":"bitfinex","type":"sell"},{"timestamp":1532502370,"tid":272560810,"price":"8.7799","amount":"500.0","exchange":"bitfinex","type":"sell"},{"timestamp":1532502364,"tid":272560787,"price":"8.78","amount":"75.852784","exchange":"bitfinex","type":"buy"},{"timestamp":1532502364,"tid":272560786,"price":"8.7792","amount":"5.290316","exchange":"bitfinex","type":"buy"},{"timestamp":1532502360,"tid":272560785,"price":"8.7766","amount":"1.0","exchange":"bitfinex","type":"sell"},{"timestamp":1532502355,"tid":272560760,"price":"8.7785","amount":"89.0","exchange":"bitfinex","type":"sell"},{"timestamp":1532502353,"tid":272560755,"price":"8.7785","amount":"98.0","exchange":"bitfinex","type":"sell"},{"timestamp":1532502352,"tid":272560751,"price":"8.7775","amount":"66.19533","exchange":"bitfinex","type":"sell"},{"timestamp":1532502352,"tid":272560750,"price":"8.7775","amount":"50.0","exchange":"bitfinex","type":"sell"},{"timestamp":1532502348,"tid":272560745,"price":"8.7765","amount":"34.6893","exchange":"bitfinex","type":"sell"},{"timestamp":1532502348,"tid":272560744,"price":"8.7766","amount":"19.289","exchange":"bitfinex","type":"buy"},{"timestamp":1532502348,"tid":272560743,"price":"8.77","amount":"497.99","exchange":"bitfinex","type":"buy"},{"timestamp":1532502348,"tid":272560742,"price":"8.7699","amount":"50.0","exchange":"bitfinex","type":"buy"},{"timestamp":1532502347,"tid":272560741,"price":"8.7699","amount":"12.5","exchange":"bitfinex","type":"buy"},{"timestamp":1532502347,"tid":272560740,"price":"8.7699","amount":"12.5","exchange":"bitfinex","type":"buy"},{"timestamp":1532502347,"tid":272560739,"price":"8.767","amount":"513.999918","exchange":"bitfinex","type":"buy"},{"timestamp":1532502347,"tid":272560738,"price":"8.767","amount":"50.0","exchange":"bitfinex","type":"buy"},{"timestamp":1532502347,"tid":272560737,"price":"8.767","amount":"12.5","exchange":"bitfinex","type":"buy"}]