[{"timestamp":1532502425,"tid":272561017,"price":"479.99","amount":"2.15","exchange":null,"type":"sell"},{"timestamp":1532502409,"tid":272560972,"price":"479.99","amount":"0.12692","exchange":null,"type":"sell"},{"timestamp":1532502406,"tid":272560958,"price":"479.99","amount":"0.10340663","exchange":null,"type":"sell"},{"timestamp":1532502406,"tid":272560957,"price":"479.99","amount":"0.20348096","exchange":null,"type":"sell"},{"timestamp":1532502404,"tid":272560950,"price":"479.99","amount":"0.08330909","exchange":null,"type":"sell"},{"timestamp":1532502404,"tid":272560949,"price":"479.99","amount":"0.14406452","exchange":null,"type":"sell"},{"timestamp":1532502390,"tid":272560910,"price":"479.99","amount":"0.3583377","exchange":null,"type":"sell"},{"timestamp":1532502390,"tid":272560909,"price":"479.99","amount":"1.04586614","exchange":null,"type":"sell"},{"timestamp":1532502390,"tid":272560905,"price":"479.99","amount":"2.08335503","exchange":null,"type":"sell"},{"timestamp":1532502379,"tid":272560846,"price":"480.0","amount":"0.15","exchange":null,"type":"buy"},{"timestamp":1532502340,"tid":272560729,"price":"480.0","amount":"0.22","exchange":null,"type":"buy"},{"timestamp":1532502319,"tid":272560694,"price":"479.99","amount":"0.07577806","exchange":null,"type":"sell"},{"timestamp":1532502307,"tid":272560676,"price":"479.99","amount":"0.43495811","exchange":null,"type":"sell"},{"timestamp":1532502304,"tid":272560669,"price":"479.99","amount":"7.29448672","exchange":null,"type":"sell"},{"timestamp":1532502291,"tid":272560640,"price":"479.99","amount":"0.06555594","exchange":null,"type":"sell"},{"timestamp":1532502291,"tid":272560639,"price":"479.99","amount":"0.01022212","exchange":"bitfinex","type":"sell"},{"timestamp":1532502280,"tid":272560626,"price":"480.0","amount":"0.42803255","exchange":null,"type":"buy"},{"timestamp":1532502280,"tid":272560625,"price":"480.0","amount":"0.5005005","exchange":null,"type":"buy"},{"timestamp":1532502278,"tid":272560621,"price":"479.99","amount":"0.10639","exchange":"bitfinex","type":"sell"},{"timestamp":1532502261,"tid":272560599,"price":"479.99","amount":"0.14287177","exchange":"bitfinex","type":"sell"},{"timestamp":1532502254,"tid":272560570,"price":"479.99","amount":"0.07871011","exchange":"bitfinex","type":"sell"},{"timestamp":1532502252,"tid":272560567,"price":"480.0","amount":"0.2","exchange":null,"type":"buy"},{"timestamp":1532502250,"tid":272560559,"price":"479.99","amount":"0.3","exchange":"bitfinex","type":"sell"},{"timestamp":1532502245,"tid":272560546,"price":"479.99","amount":"0.3","exchange":"bitfinex","type":"sell"},{"timestamp":1532502245,"tid":272560545,"price":"479.99","amount":"0.3","exchange":"bitfinex","type":"sell"},{"timestamp":1532502239,"tid":272560535,"price":"479.99","amount":"0.3","exchange":"bitfinex","type":"sell"},{"timestamp":1532502224,"tid":272560504,"price":"479.99","amount":"5.0","exchange":null,"type":"sell"},{"timestamp":1532502218,"tid":272560476,"price":"479.99","amount":"0.14994","exchange":null,"type":"sell"},{"timestamp":1532502183,"tid":272560368,"price":"479.95","amount":"0.05","exchange":"bitfinex","type":"sell"},{"timestamp":1532502172,"tid":272560353,"price":"479.69","amount":"5.17749163","exchange":"bitfinex","type":"buy"},{"timestamp":1532502172,"tid":272560352,"price":"479.59","amount":"3.9","exchange":"bitfinex","type":"buy"},{"timestamp":1532502172,"tid":272560351,"price":"479.57343164","amount":"2.62963216","exchange":"bitfinex","type":"buy"},{"timestamp":1532502172,"tid":272560349,"price":"479.41","amount":"0.78487621","exchange":"bitfinex","type":"buy"},{"timestamp":1532502168,"tid":272560309,"price":"478.92","amount":"10.0","exchange":null,"type":"buy"},{"timestamp":1532502168,"tid":272560308,"price":"478.92","amount":"11.0","exchange":null,"type":"buy"},{"timestamp":1532502166,"tid":272560294,"price":"478.92","amount":"0.375","exchange":null,"type":"buy"},{"timestamp":1532502166,"tid":272560292,"price":"478.92","amount":"0.125","exchange":null,"type":"buy"},{"timestamp":1532502166,"tid":272560290,"price":"478.92","amount":"0.125","exchange":null,"type":"buy"},{"timestamp":1532502166,"tid":272560286,"price":"478.92","amount":"0.125","exchange":null,"type":"buy"},{"timestamp":1532502166,"tid":272560285,"price":"478.92","amount":"0.125","exchange":null,"type":"buy"},{"timestamp":1532502166,"tid":272560284,"price":"478.92","amount":"0.125","exchange":null,"type":"buy"},{"timestamp":1532502153,"tid":272560230,"price":"478.96","amount":"0.28365981","exchange":null,"type":"buy"},{"timestamp":1532502153,"tid":272560229,"price":"478.95","amount":"0.05","exchange":null,"type":"buy"},{"timestamp":1532502132,"tid":272560186,"price":"479.12","amount":"0.05","exchange":"bitfinex","type":"buy"},{"timestamp":1532502125,"tid":272560166,"price":"478.99","amount":"0.42829221","exchange":null,"type":"buy"},{"timestamp":1532502125,"tid":272560161,"price":"479.13","amount":"2.9301608","exchange":"bitfinex","type":"buy"},{"timestamp":1532502125,"tid":272560160,"price":"479.0","amount":"2.0","exchange":"bitfinex","type":"buy"},{"timestamp":1532502125,"tid":272560159,"price":"478.84","amount":"0.1","exchange":"bitfinex","type":"buy"},{"timestamp":1532502111,"tid":272560115,"price":"478.94","amount":"2.64969178","exchange":"bitfinex","type":"sell"},{"timestamp":1532502111,"tid":272560114,"price":"478.94","amount":"11.0","exchange":null,"type":"sell"},{"timestamp":1532502108,"tid":272560106,"price":"478.81","amount":"0.05","exchange":"bitfinex","type":"sell"},{"timestamp":1532502105,"tid":272560099,"price":"478.89","amount":"0.16635303","exchange":"bitfinex","type":"buy"},{"timestamp":1532502105,"tid":272560098,"price":"478.77","amount":"0.00090907","exchange":null,"type":"buy"},{"timestamp":1532502105,"tid":272560095,"price":"478.77","amount":"9.99909093","exchange":null,"type":"buy"},{"timestamp":1532502105,"tid":272560094,"price":"478.77","amount":"0.09090907","exchange":null,"type":"buy"},{"timestamp":1532502103,"tid":272560083,"price":"478.76","amount":"8.9193582","exchange":null,"type":"sell"},{"timestamp":1532502095,"tid":272560044,"price":"478.78","amount":"0.09933311","exchange":"bitfinex","type":"buy"},{"timestamp":1532502089,"tid":272559989,"price":"479.38","amount":"10.4237","exchange":"bitfinex","type":"sell"},{"timestamp":1532502089,"tid":272559988,"price":"479.38","amount":"11.0","exchange":null,"type":"sell"},{"timestamp":1532502089,"tid":272559987,"price":"479.38","amount":"0.87660543","exchange":null,"type":"sell"},{"timestamp":1532502079,"tid":272559950,"price":"479.38","amount":"0.3214","exchange":null,"type":"sell"},{"timestamp":1532502079,"tid":272559949,"price":"479.39","amount":"0.2","exchange":null,"type":"buy"},{"timestamp":1532502063,"tid":272559807,"price":"479.38","amount":"4.50582002","exchange":null,"type":"sell"},{"timestamp":1532502049,"tid":272559776,"price":"479.38","amount":"0.93112999","exchange":null,"type":"sell"},{"timestamp":1532502039,"tid":272559760,"price":"479.38","amount":"0.05","exchange":null,"type":"sell"},{"timestamp":1532502021,"tid":272559715,"price":"479.38","amount":"3.0","exchange":null,"type":"sell"},{"timestamp":1532502020,"tid":272559712,"price":"479.38","amount":"1.25580127","exchange":null,"type":"sell"},{"timestamp":1532502017,"tid":272559702,"price":"479.39","amount":"0.06","exchange":"bitfinex","type":"buy"},{"timestamp":1532502014,"tid":272559696,"price":"479.38","amount":"0.05924329","exchange":null,"type":"sell"},{"timestamp":1532501968,"tid":272559611,"price":"479.34","amount":"0.2","exchange":"bitfinex","type":"buy"},{"timestamp":1532501967,"tid":272559609,"price":"479.33","amount":"0.2","exchange":"bitfinex","type":"buy"},{"timestamp":1532501966,"tid":272559606,"price":"479.46","amount":"6.6102","exchange":"bitfinex","type":"buy"},{"timestamp":1532501966,"tid":272559605,"price":"479.44","amount":"3.87","exchange":"bitfinex","type":"buy"},{"timestamp":1532501966,"tid":272559604,"price":"479.34","amount":"2.0","exchange":null,"type":"buy"},{"timestamp":1532501966,"tid":272559603,"price":"479.34","amount":"10.0","exchange":null,"type":"buy"},{"timestamp":1532501966,"tid":272559601,"price":"479.44","amount":"11.13","exchange":"bitfinex","type":"buy"},{"timestamp":1532501966,"tid":272559600,"price":"479.36","amount":"1.0","exchange":"bitfinex","type":"buy"},{"timestamp":1532501966,"tid":272559599,"price":"479.35","amount":"12.0","exchange":null,"type":"buy"},{"timestamp":1532501963,"tid":272559590,"price":"479.26","amount":"9.773979","exchange":null,"type":"buy"},{"timestamp":1532501963,"tid":272559589,"price":"479.26","amount":"0.3","exchange":"bitfinex","type":"buy"},{"timestamp":1532501943,"tid":272559534,"price":"479.69","amount":"3.27689","exchange":null,"type":"sell"},{"timestamp":1532501943,"tid":272559533,"price":"479.69","amount":"11.0","exchange":null,"type":"sell"},{"timestamp":1532501943,"tid":272559532,"price":"479.69","amount":"1.70111","exchange":"bitfinex","type":"sell"},{"timestamp":1532501940,"tid":272559501,"price":"479.69","amount":"0.05","exchange":"bitfinex","type":"sell"},{"timestamp":1532501924,"tid":272559465,"price":"479.7","amount":"0.071595","exchange":"bitfinex","type":"buy"},{"timestamp":1532501924,"tid":272559464,"price":"479.7","amount":"0.8","exchange":"bitfinex","type":"buy"},{"timestamp":1532501924,"tid":272559463,"price":"479.7","amount":"0.1","exchange":"bitfinex","type":"buy"},{"timestamp":1532501920,"tid":272559450,"price":"480.0","amount":"10.383","exchange":"bitfinex","type":"sell"},{"timestamp":1532501920,"tid":272559449,"price":"480.0","amount":"0.15","exchange":"bitfinex","type":"sell"},{"timestamp":1532501920,"tid":272559448,"price":"480.01","amount":"0.1","exchange":"bitfinex","type":"sell"},{"timestamp":1532501920,"tid":272559447,"price":"480.02","amount":"10.0","exchange":null,"type":"sell"},{"timestamp":1532501919,"tid":272559444,"price":"480.02","amount":"0.1","exchange":null,"type":"sell"},{"timestamp":1532501919,"tid":272559442,"price":"480.02","amount":"0.375","exchange":null,"type":"sell"},{"timestamp":1532501919,"tid":272559441,"price":"480.02","amount":"0.15","exchange":null,"type":"sell"},{"timestamp":1532501919,"tid":272559440,"price":"480.02","amount":"0.25","exchange":null,"type":"sell"},{"timestamp":1532501919,"tid":272559439,"price":"480.02","amount":"0.125","exchange":null,"type":"sell"},{"timestamp":1532501919,"tid":272559423,"price":"480.09","amount":"11.0","exchange":null,"type":"sell"},{"timestamp":1532501919,"tid":272559422,"price":"480.09","amount":"11.0","exchange":null,"type":"sell"},{"timestamp":1532501919,"tid":272559421,"price":"480.09","amount":"9.5","exchange":null,"type":"sell"},{"timestamp":1532501903,"tid":272559394,"price":"480.09","amount":"1.5","exchange":null,"type":"sell"}]